<record><leader>00000cas a22000007i 4500</leader><controlfield tag="001">862979258</controlfield><controlfield tag="006">m     o  d        </controlfield><controlfield tag="007">cr |n|000|||||</controlfield><controlfield tag="008">860604d19081926txuwr neo     0   a0eng  </controlfield><datafield ind1=" " ind2=" " tag="010"><subfield code="a">  2013271966</subfield></datafield><datafield ind1=" " ind2=" " tag="040"><subfield code="a">Nz</subfield><subfield code="b">eng</subfield><subfield code="e">rda</subfield><subfield code="c">Z5A</subfield><subfield code="d">DLC</subfield><subfield code="d">OCLCF</subfield></datafield><datafield ind1="0" ind2=" " tag="022"><subfield code="a">2333-4754</subfield><subfield code="2">1</subfield></datafield><datafield ind1="0" ind2=" " tag="029"><subfield code="a">NZ1</subfield><subfield code="b">15127630</subfield></datafield><datafield ind1=" " ind2=" " tag="042"><subfield code="a">msc</subfield><subfield code="a">nsdp</subfield></datafield><datafield ind1=" " ind2=" " tag="043"><subfield code="a">n-us-tx</subfield></datafield><datafield ind1="1" ind2="0" tag="050"><subfield code="a">ISSN RECORD</subfield></datafield><datafield ind1="0" ind2="0" tag="082"><subfield code="a">071</subfield><subfield code="2">23</subfield></datafield><datafield ind1="0" ind2=" " tag="130"><subfield code="a">Randall County news (Online)</subfield></datafield><datafield ind1=" " ind2="4" tag="222"><subfield code="a">The Randall County news</subfield><subfield code="b">(Online)</subfield></datafield><datafield ind1="1" ind2="4" tag="245"><subfield code="a">The Randall County news.</subfield></datafield><datafield ind1=" " ind2="1" tag="264"><subfield code="a">Canyon, Randall Co., Texas :</subfield><subfield code="b">The News Publishing Company,</subfield><subfield code="c">1908-</subfield></datafield><datafield ind1=" " ind2=" " tag="300"><subfield code="a">1 online resource</subfield></datafield><datafield ind1=" " ind2=" " tag="310"><subfield code="a">Weekly</subfield></datafield><datafield ind1=" " ind2=" " tag="336"><subfield code="a">text</subfield><subfield code="b">txt</subfield><subfield code="2">rdacontent</subfield></datafield><datafield ind1=" " ind2=" " tag="337"><subfield code="a">computer</subfield><subfield code="b">c</subfield><subfield code="2">rdamedia</subfield></datafield><datafield ind1=" " ind2=" " tag="338"><subfield code="a">online resource</subfield><subfield code="b">cr</subfield><subfield code="2">rdacarrier</subfield></datafield><datafield ind1="1" ind2=" " tag="362"><subfield code="a">Began with vol. XII, no. 24 (September 11, 1908); ceased September 30, 1926.</subfield></datafield><datafield ind1=" " ind2=" " tag="500"><subfield code="a">Publishers: Chas. K. Needham, &lt;September 30, 1910&gt;; C.W. Warwick, &lt;1925&gt;.</subfield></datafield><datafield ind1=" " ind2=" " tag="588"><subfield code="a">Description based on: Vol. XII, no. 24 (September 11, 1908); title from masthead (Chroniclingamerica.loc.gov, viewed January 29, 2014).</subfield></datafield><datafield ind1=" " ind2=" " tag="588"><subfield code="a">Latest issue consulted: Vol. XIV, no. 27 (September 30, 1910) (Chroniclingamerica.loc.gov, viewed January 29, 2014).</subfield></datafield><datafield ind1=" " ind2="0" tag="651"><subfield code="a">Canyon (Tex.)</subfield><subfield code="v">Newspapers.</subfield></datafield><datafield ind1=" " ind2="7" tag="655"><subfield code="a">Newspapers.</subfield><subfield code="2">fast</subfield><subfield code="0">(OCoLC)fst01423814</subfield></datafield><datafield ind1=" " ind2="7" tag="651"><subfield code="a">Texas</subfield><subfield code="z">Canyon.</subfield><subfield code="2">fast</subfield><subfield code="0">(OCoLC)fst01210489</subfield></datafield><datafield ind1=" " ind2=" " tag="752"><subfield code="a">United States</subfield><subfield code="b">Texas</subfield><subfield code="c">Randall</subfield><subfield code="d">Canyon.</subfield></datafield><datafield ind1=" " ind2=" " tag="752"><subfield code="a">United States</subfield><subfield code="b">Texas</subfield><subfield code="c">Randall</subfield><subfield code="d">Canyon City.</subfield></datafield><datafield ind1="0" ind2="8" tag="776"><subfield code="i">Originally issued in print:</subfield><subfield code="t">Randall County news</subfield><subfield code="x">2333-4746</subfield><subfield code="w">(DLC)sn 86064255</subfield><subfield code="w">(OCoLC)13684961</subfield></datafield><datafield ind1="0" ind2="0" tag="780"><subfield code="t">Canyon City news (Online)</subfield></datafield><datafield ind1="0" ind2="0" tag="785"><subfield code="t">Canyon news (Online)</subfield></datafield><datafield ind1="4" ind2="0" tag="856"><subfield code="u">http://www.loc.gov/chroniclingamerica/lccn/sn86064255/issues</subfield></datafield></record>